<?xml version="1.0" encoding="UTF-8"?>
  <record xmlns="http://www.loc.gov/MARC21/slim" type="Authority">
    <leader>00000nz  a2200000nc 4500</leader>
    <controlfield tag="001">115434720</controlfield>
    <controlfield tag="003">DE-101</controlfield>
    <controlfield tag="005">20150901163801.0</controlfield>
    <controlfield tag="008">970604n||aznnnaabn           | aaa    |c</controlfield>
    <datafield tag="024" ind1="7" ind2=" ">
      <subfield code="a">115434720</subfield>
      <subfield code="0">http://d-nb.info/gnd/115434720</subfield>
      <subfield code="2">gnd</subfield>
    </datafield>
    <datafield tag="035" ind1=" " ind2=" ">
      <subfield code="a">(DE-101)115434720</subfield>
    </datafield>
    <datafield tag="035" ind1=" " ind2=" ">
      <subfield code="a">(DE-588)115434720</subfield>
    </datafield>
    <datafield tag="035" ind1=" " ind2=" ">
      <subfield code="z">(DE-588a)115434720</subfield>
      <subfield code="9">v:zg</subfield>
    </datafield>
    <datafield tag="040" ind1=" " ind2=" ">
      <subfield code="a">DE-12</subfield>
      <subfield code="c">DE-12</subfield>
      <subfield code="9">r:DE-12</subfield>
      <subfield code="b">ger</subfield>
      <subfield code="d">9999</subfield>
    </datafield>
    <datafield tag="042" ind1=" " ind2=" ">
      <subfield code="a">gnd1</subfield>
    </datafield>
    <datafield tag="075" ind1=" " ind2=" ">
      <subfield code="b">p</subfield>
      <subfield code="2">gndgen</subfield>
    </datafield>
    <datafield tag="075" ind1=" " ind2=" ">
      <subfield code="b">piz</subfield>
      <subfield code="2">gndspec</subfield>
    </datafield>
    <datafield tag="079" ind1=" " ind2=" ">
      <subfield code="a">g</subfield>
      <subfield code="q">a</subfield>
      <subfield code="q">f</subfield>
    </datafield>
    <datafield tag="100" ind1="1" ind2=" ">
      <subfield code="a">Festenberg-Packisch, Hans Siegmund &#152;von&#156;</subfield>
      <subfield code="d">1605-1672</subfield>
    </datafield>
    <datafield tag="400" ind1="1" ind2=" ">
      <subfield code="a">Packisch, Hans Siegmund von Festenberg-</subfield>
      <subfield code="d">1605-1672</subfield>
    </datafield>
    <datafield tag="400" ind1="1" ind2=" ">
      <subfield code="a">Festenberg gen. Pakisch, Hans &#152;von&#156;</subfield>
      <subfield code="d">1605-1672</subfield>
    </datafield>
    <datafield tag="400" ind1="1" ind2=" ">
      <subfield code="a">Festenberg gen. Pakisch, Hansz &#152;von&#156;</subfield>
      <subfield code="d">1605-1672</subfield>
    </datafield>
    <datafield tag="400" ind1="1" ind2=" ">
      <subfield code="a">Festenberg gen. Pakisch, Hanß &#152;von&#156;</subfield>
      <subfield code="d">1605-1672</subfield>
    </datafield>
    <datafield tag="400" ind1="1" ind2=" ">
      <subfield code="a">Festenberg-Packisch, Hans Sigemund &#152;von&#156;</subfield>
      <subfield code="d">1605-1672</subfield>
    </datafield>
    <datafield tag="400" ind1="1" ind2=" ">
      <subfield code="a">Packisch, Hans Sigemund von Festenberg-</subfield>
      <subfield code="d">1605-1672</subfield>
    </datafield>
    <datafield tag="400" ind1="1" ind2=" ">
      <subfield code="a">Festenberg-Pakisch, Hans Sigmund &#152;von&#156;</subfield>
      <subfield code="d">1605-1672</subfield>
    </datafield>
    <datafield tag="400" ind1="1" ind2=" ">
      <subfield code="a">Packisch, Hans Sigmund von Festenberg-</subfield>
      <subfield code="d">1605-1672</subfield>
    </datafield>
    <datafield tag="400" ind1="1" ind2=" ">
      <subfield code="a">Festenberg-Pakisch, Hans Siegmund &#152;von&#156;</subfield>
      <subfield code="d">1605-1672</subfield>
    </datafield>
    <datafield tag="400" ind1="1" ind2=" ">
      <subfield code="a">Festenberg-Packisch, Hans Sigismund &#152;von&#156;</subfield>
      <subfield code="d">1605-1672</subfield>
    </datafield>
    <datafield tag="400" ind1="1" ind2=" ">
      <subfield code="a">Packisch, Hans Sigismund von Festenberg-</subfield>
      <subfield code="d">1605-1672</subfield>
    </datafield>
    <datafield tag="400" ind1="1" ind2=" ">
      <subfield code="a">Festenberg-Packisch, Hanß Siegmund &#152;von&#156;</subfield>
      <subfield code="d">1605-1672</subfield>
    </datafield>
    <datafield tag="400" ind1="1" ind2=" ">
      <subfield code="a">Packisch, Hanz Sigismund von Festenberg-</subfield>
      <subfield code="d">1605-1672</subfield>
    </datafield>
    <datafield tag="400" ind1="1" ind2=" ">
      <subfield code="a">Festenberg-Packisch, Hanz Siegmund &#152;von&#156;</subfield>
      <subfield code="d">1605-1672</subfield>
    </datafield>
    <datafield tag="400" ind1="1" ind2=" ">
      <subfield code="a">Packisch, Hansz Sigismund von Festenberg-</subfield>
      <subfield code="d">1605-1672</subfield>
    </datafield>
    <datafield tag="400" ind1="1" ind2=" ">
      <subfield code="a">Festenberg-Packisch, Hansz Siegmund &#152;von&#156;</subfield>
      <subfield code="d">1605-1672</subfield>
    </datafield>
    <datafield tag="400" ind1="1" ind2=" ">
      <subfield code="a">Packisch, Hanß Siegmund von Festenberg-</subfield>
      <subfield code="d">1605-1672</subfield>
    </datafield>
    <datafield tag="400" ind1="1" ind2=" ">
      <subfield code="a">Festenberg-Pakisch, Hanß Siegmund &#152;von&#156;</subfield>
      <subfield code="d">1605-1672</subfield>
    </datafield>
    <datafield tag="400" ind1="1" ind2=" ">
      <subfield code="a">Festenberg-Packisch, Johann Siegmund &#152;von&#156;</subfield>
      <subfield code="d">1605-1672</subfield>
    </datafield>
    <datafield tag="400" ind1="1" ind2=" ">
      <subfield code="a">Packisch, Johann Siegmund von Festenberg-</subfield>
      <subfield code="d">1605-1672</subfield>
    </datafield>
    <datafield tag="500" ind1="1" ind2=" ">
      <subfield code="0">(DE-101)121442063</subfield>
      <subfield code="0">(DE-588)121442063</subfield>
      <subfield code="0">https://d-nb.info/gnd/121442063</subfield>
      <subfield code="a">Festenberg Packisch, Anna Helena &#152;von&#156;</subfield>
      <subfield code="d">1616-1671</subfield>
      <subfield code="4">bezf</subfield>
      <subfield code="4">https://d-nb.info/standards/elementset/gnd#familialRelationship</subfield>
      <subfield code="w">r</subfield>
      <subfield code="i">Beziehung familiaer</subfield>
      <subfield code="e">Beziehung familiaer</subfield>
      <subfield code="9">v:Ehefrau</subfield>
    </datafield>
    <datafield tag="500" ind1="1" ind2=" ">
      <subfield code="0">(DE-101)1032168927</subfield>
      <subfield code="0">(DE-588)1032168927</subfield>
      <subfield code="0">https://d-nb.info/gnd/1032168927</subfield>
      <subfield code="a">Axleben, Barbara &#152;von&#156;</subfield>
      <subfield code="d">1604-1664</subfield>
      <subfield code="4">bezf</subfield>
      <subfield code="4">https://d-nb.info/standards/elementset/gnd#familialRelationship</subfield>
      <subfield code="w">r</subfield>
      <subfield code="i">Beziehung familiaer</subfield>
      <subfield code="e">Beziehung familiaer</subfield>
      <subfield code="9">v:Vetterin und Pflegetochter</subfield>
    </datafield>
    <datafield tag="548" ind1=" " ind2=" ">
      <subfield code="a">1605-1672</subfield>
      <subfield code="4">datl</subfield>
      <subfield code="4">https://d-nb.info/standards/elementset/gnd#dateOfBirthAndDeath</subfield>
      <subfield code="w">r</subfield>
      <subfield code="i">Lebensdaten</subfield>
    </datafield>
    <datafield tag="548" ind1=" " ind2=" ">
      <subfield code="a">23.05.1605-26.05.1672</subfield>
      <subfield code="4">datx</subfield>
      <subfield code="4">https://d-nb.info/standards/elementset/gnd#dateOfBirthAndDeath</subfield>
      <subfield code="w">r</subfield>
      <subfield code="i">Exakte Lebensdaten</subfield>
    </datafield>
    <datafield tag="551" ind1=" " ind2=" ">
      <subfield code="a">Wolfshain</subfield>
      <subfield code="4">ortg</subfield>
      <subfield code="4">https://d-nb.info/standards/elementset/gnd#placeOfBirth</subfield>
      <subfield code="w">r</subfield>
      <subfield code="i">Geburtsort</subfield>
    </datafield>
    <datafield tag="551" ind1=" " ind2=" ">
      <subfield code="0">(DE-101)962150541</subfield>
      <subfield code="0">(DE-588)4646208-9</subfield>
      <subfield code="0">https://d-nb.info/gnd/4646208-9</subfield>
      <subfield code="a">Friedersdorf</subfield>
      <subfield code="g">Lauban</subfield>
      <subfield code="4">orts</subfield>
      <subfield code="4">https://d-nb.info/standards/elementset/gnd#placeOfDeath</subfield>
      <subfield code="w">r</subfield>
      <subfield code="i">Sterbeort</subfield>
      <subfield code="9">v:Schlesien</subfield>
    </datafield>
    <datafield tag="667" ind1=" " ind2=" ">
      <subfield code="a">VD-17</subfield>
    </datafield>
    <datafield tag="672" ind1=" " ind2="0">
      <subfield code="a">Böttner, Caspar Damian: Spiritualis Nobilitatis Insignia - [1672]</subfield>
    </datafield>
    <datafield tag="672" ind1=" " ind2="0">
      <subfield code="a">Schweinitz, Georg Herman von: Auß Gottes Heiligem Rath und Wille - [1672]</subfield>
    </datafield>
    <datafield tag="672" ind1=" " ind2="0">
      <subfield code="a">Schröer, Friedrich: Der aller vollkomneste Adel ... - 1673</subfield>
    </datafield>
    <datafield tag="678" ind1=" " ind2=" ">
      <subfield code="b">Herr auf Friedersdorff, Wiesenthal, Ludwigs- und Johnsdorff, Vogelsdorff, Güßhübel und Neu-Warnsdorff; Ehemann von Anna Helena von Festenberg Packisch; Vetter und Pflegevater von Barbara von Axleben-Magnus</subfield>
    </datafield>
    <datafield tag="913" ind1=" " ind2=" ">
      <subfield code="S">pnd</subfield>
      <subfield code="i">a</subfield>
      <subfield code="a">Festenberg-Packisch, Hans Siegmund /von</subfield>
      <subfield code="0">(DE-588a)115434720</subfield>
    </datafield>
  </record>
